@online{lars,
    title = {Crystal Statistics. I. A Two-Dimensional Model with an Order-Disorder Transition},
    author = {Onsager, Lars},
    year = {1944},
    url = {https://journals.aps.org/pr/abstract/10.1103/PhysRev.65.117}
}

@book{lecnotes,
  title = {Lecture Notes},
  author = {Hjorth-Jensen, Morten},
  year = {2015},
  page = {436}
}
@online{amdahl,
    title = {Amdahl's Law},
    URL = {https://en.wikipedia.org/wiki/Amdahl's_law},


}
@online{projtext,
    title = {Project 4},
    author = {Hjorth-Jensen, Morten},
    URL = {http://compphysics.github.io/ComputationalPhysics/doc/Projects/2020/Project4/pdf/Project4.pdf},
}
