@book{projText,
    title = {Project 3},
    Author = {Hjorth-Jensen, Morten},
    year = {2020},
    publisher = {UiO},
    keywords = {FYS3150}
}
@online{NASA,
    title = "HORIZONS",
    publisher = {NASA},
    url = "https://ssd.jpl.nasa.gov/horizons.cgi",
    addendum = "(retrieved 19.10.2020)"
}
@book{pythonPhys,
    title = {Elementary Mechanics using Python},
    Author = {Malthe-SÃ¸renssen, Anders},
    year = {2015},
    publisher = {Springer},
    keywords = {FYS-MEK1110}
}